@article{ref1,
  author = {V. L. Ginzburg and L. D. Landau},
  title = {On the Theory of Superconductivity},
  journal = {ZhETF},
  year = {1950},
  volume = {20},
  pages = {1064},
  url = {https://www.zhihu.com/}
}


@book{ref2,
  author = {Knuth, Donald E.},
  title = {The \TeX book},
  publisher = {Addison-Wesley},
  year = {1984},
  address = {Reading, Massachusetts},
  doi = {10.1007/978-3-540-37886-8}
}


@online{ref3,
  author = {},
  title = {The Computer Language 23.03 Benchmarks Game},
  year = {2023.3},
  url = {https://benchmarksgame-team.pages.debian.net/benchmarksgame/fastest/rust-gpp.html}
}


@online{ref4,
    author = {},
    title = {Huawei LiteOS官方文档中心},
    year = {2021.7},
    url = {https://support.huaweicloud.com/LiteOS/index.html} 
}


@article{ref5,
  author = {胡霜，华保健，欧阳婉容，樊淇梁},
  title = {Rust语言安全研究综述},
  journal = {信息安全学报 第8卷 第6期},
  year = {2023.11},
  volume = {},
  pages = {67-68},
  url = {https://jcs.iie.ac.cn/ch/reader/create_pdf.aspx?file_no=20230606}
}


@inproceedings{ref6,
author = {Boos, Kevin and Zhong, Lin},
title = {Theseus: a State Spill-free Operating System},
year = {2017},
isbn = {9781450351539},
publisher = {Association for Computing Machinery},
address = {New York, NY, USA},
url = {https://doi.org/10.1145/3144555.3144560},
doi = {10.1145/3144555.3144560},
booktitle = {Proceedings of the 9th Workshop on Programming Languages and Operating Systems},
pages = {29–35},
numpages = {7},
location = {Shanghai, China},
series = {PLOS '17}
}


@online{ref7,
    author = {},
    title = {Rust文档-什么是所有权},
    year = {},
    url = {https://rustwiki.org/zh-CN/book/ch04-01-what-is-ownership.html} 
}


@online{ref8,
    author = {},
    title = {Rust文档-引用与借用},
    year = {},
    url = {https://rustwiki.org/zh-CN/book/ch04-02-references-and-borrowing.html} 
}


@inproceedings{ref9,
author = {Gonzalez, Am\'{e}lie and Mvondo, Djob and Bromberg, Y\'{e}rom-David},
title = {Takeaways of Implementing a Native Rust UDP Tunneling Network Driver in the Linux Kernel},
year = {2023},
isbn = {9798400704048},
publisher = {Association for Computing Machinery},
address = {New York, NY, USA},
url = {https://doi.org/10.1145/3623759.3624547},
doi = {10.1145/3623759.3624547},
booktitle = {Proceedings of the 12th Workshop on Programming Languages and Operating Systems},
pages = {18–25},
numpages = {8},
location = {<conf-loc>, <city>Koblenz</city>, <country>Germany</country>, </conf-loc>},
series = {PLOS '23}
}

@inproceedings{ref10,
author = {Lankes, Stefan and Breitbart, Jens and Pickartz, Simon},
title = {Exploring Rust for Unikernel Development},
year = {2019},
isbn = {9781450370172},
publisher = {Association for Computing Machinery},
address = {New York, NY, USA},
url = {https://doi.org/10.1145/3365137.3365395},
doi = {10.1145/3365137.3365395},
booktitle = {Proceedings of the 10th Workshop on Programming Languages and Operating Systems},
pages = {8–15},
numpages = {8},
location = {Huntsville, ON, Canada},
series = {PLOS '19}
}
@online{ref11,
    author = {},
    title = {物联网操作系统LiteOS实战开发指南},
    year = {2021.1},
    url ={https://doc.embedfire.com/rtos/liteos/zh/latest/Liteos_Development_Guide/memory_management.html} 
}
@online{ref12,
    author = {},
    title = {用Rust写操作系统},
    year = {2021.1},
    url ={https://www.yuque.com/chaosbot/rust_magazine_2021/ql9m18} 
}
@online{ref13,
    author = {MSRC Team},
    title = {Why Rust for safe systems programming},
    year = {2019.7},
    url ={https://msrc.microsoft.com/blog/2019/07/why-rust-for-safe-systems-programming/} 
}

@online{ref14,
    author = {},
    title = {Traits: Defining Shared Behavior},
    year = {},
    url ={https://doc.rust-lang.org/book/ch10-02-traits.html} 
}
@online{ref15,
    author = {},
    title = {Generics in Rust},
    year = {},
    url ={https://doc.rust-lang.org/book/ch10-00-generic-s.html} 
}
@online{ref16,
    author = {},
    title = {D1095R0/N2xxx draft 3: A C Either metatype(for P0709 Zero-overhead deterministic exceptions)},
    year = {},
    url ={https://lists.isocpp.org/sg14/sg14.mbox/att-0587/D1095-N2259_C_Either_draft3.pdf} 
}


@article{ref17,
author = {Emre, Mehmet and Schroeder, Ryan and Dewey, Kyle and Hardekopf, Ben},
title = {Translating C to safer Rust},
year = {2021},
issue_date = {October 2021},
publisher = {Association for Computing Machinery},
address = {New York, NY, USA},
volume = {5},
number = {OOPSLA},
url = {https://doi.org/10.1145/3485498},
doi = {10.1145/3485498},
journal = {Proc. ACM Program. Lang.},
month = {oct},
articleno = {121},
numpages = {29},
keywords = {Rust, Memory-Safety, Empirical Study, C, Automatic Translation}
}

@inproceedings{ref18,
author = {Levy, Amit and Andersen, Michael P. and Campbell, Bradford and Culler, David and Dutta, Prabal and Ghena, Branden and Levis, Philip and Pannuto, Pat},
title = {Ownership is theft: experiences building an embedded OS in rust},
year = {2015},
isbn = {9781450339421},
publisher = {Association for Computing Machinery},
address = {New York, NY, USA},
url = {https://doi.org/10.1145/2818302.2818306},
doi = {10.1145/2818302.2818306},
booktitle = {Proceedings of the 8th Workshop on Programming Languages and Operating Systems},
pages = {21–26},
numpages = {6},
keywords = {rust, ownership, linear types, embedded operating systems},
location = {Monterey, California},
series = {PLOS '15}
}